[gd_scene load_steps=9 format=2]

[ext_resource path="res://03-ทะเลปิโตเลี่ยม/BG-Petroleum Rig.png" type="Texture2D" id=1]
[ext_resource path="res://03-ทะเลปิโตเลี่ยม/BG-sky.png" type="Texture2D" id=2]
[ext_resource path="res://03-ทะเลปิโตเลี่ยม/BG-Ocean.png" type="Texture2D" id=3]
[ext_resource path="res://03-ทะเลปิโตเลี่ยม/BG-Ship1.png" type="Texture2D" id=4]
[ext_resource path="res://03-ทะเลปิโตเลี่ยม/BG-Island2.png" type="Texture2D" id=5]
[ext_resource path="res://03-ทะเลปิโตเลี่ยม/BG-Ship2.png" type="Texture2D" id=6]
[ext_resource path="res://03-ทะเลปิโตเลี่ยม/BG-Island1.png" type="Texture2D" id=7]
[ext_resource path="res://03-ทะเลปิโตเลี่ยม/BG-Island3.png" type="Texture2D" id=8]

[node name="Node2D" type="Node2D"]

[node name="BG-sky" type="Sprite2D" parent="."]
position = Vector2( 7483.93, 269.739 )
scale = Vector2( 1.94749, 0.488087 )
texture = ExtResource( 2 )

[node name="BG-Island2" type="Sprite2D" parent="."]
position = Vector2( 2973.69, 490.742 )
scale = Vector2( 1, 0.488087 )
texture = ExtResource( 5 )

[node name="BG-Island1" type="Sprite2D" parent="."]
position = Vector2( 6179.1, 478.81 )
scale = Vector2( 1, 0.488087 )
texture = ExtResource( 7 )

[node name="BG-Island4" type="Sprite2D" parent="."]
position = Vector2( 9395.71, 420.298 )
scale = Vector2( 1.38174, 1.39451 )
texture = ExtResource( 7 )

[node name="BG-Island3" type="Sprite2D" parent="."]
position = Vector2( 11851.1, 463.439 )
texture = ExtResource( 8 )

[node name="BG-Ocean" type="Sprite2D" parent="."]
position = Vector2( 7484.94, 630.997 )
scale = Vector2( 1.9484, 0.488087 )
texture = ExtResource( 3 )

[node name="BG-Ship1" type="Sprite2D" parent="."]
position = Vector2( 275.534, 488.9 )
scale = Vector2( 0.485457, 0.59052 )
texture = ExtResource( 4 )

[node name="BG-Petroleum Rig" type="Sprite2D" parent="BG-Ship1"]
position = Vector2( 1395.77, -190.782 )
scale = Vector2( 0.790564, 0.792945 )
texture = ExtResource( 1 )

[node name="BG-Ship2" type="Sprite2D" parent="BG-Ship1/BG-Petroleum Rig"]
position = Vector2( 2310.66, 223.09 )
texture = ExtResource( 6 )

[node name="BG-Petroleum Rig" type="Sprite2D" parent="BG-Ship1/BG-Petroleum Rig"]
position = Vector2( 10971.1, 45.3394 )
texture = ExtResource( 1 )

[node name="BG-Ship1" type="Sprite2D" parent="BG-Ship1/BG-Petroleum Rig/BG-Petroleum Rig"]
position = Vector2( -3808.98, 213.093 )
texture = ExtResource( 4 )

[node name="BG-Ship2" type="Sprite2D" parent="."]
position = Vector2( 5904.85, 478.294 )
scale = Vector2( 0.401459, 0.621673 )
texture = ExtResource( 6 )

[node name="BG-Petroleum Rig" type="Sprite2D" parent="."]
position = Vector2( 8485.26, 376.382 )
scale = Vector2( 0.454546, 0.500664 )
texture = ExtResource( 1 )

[node name="BG-Ship2" type="Sprite2D" parent="BG-Petroleum Rig"]
position = Vector2( -2190.15, 202.443 )
texture = ExtResource( 6 )

[node name="BG-Ship3" type="Sprite2D" parent="."]
position = Vector2( 10857.3, 503.577 )
scale = Vector2( 0.730491, 0.834545 )
texture = ExtResource( 4 )

[node name="BG-Petroleum Rig" type="Sprite2D" parent="BG-Ship3"]
position = Vector2( 2913.23, -209.662 )
texture = ExtResource( 1 )

[node name="BG-Ship4" type="Sprite2D" parent="."]
position = Vector2( 13914.3, 504.314 )
scale = Vector2( 0.615398, 0.606479 )
texture = ExtResource( 4 )

[node name="BG-Ship2" type="Sprite2D" parent="BG-Ship4"]
position = Vector2( -15660.8, -26.084 )
texture = ExtResource( 6 )
