[gd_scene load_steps=5 format=2]

[ext_resource path="res://01_DAM/Dam_level/Dam_easy/Dam_easy_humvee.tscn" type="PackedScene" id=1]
[ext_resource path="res://bullet/flying_blue.tscn" type="PackedScene" id=4]
[ext_resource path="res://title_screen/back.tscn" type="PackedScene" id=5]

[sub_resource type="RectangleShape2D" id=1]
extents = Vector2( 18.5, 436 )

[node name="Howtoplay" type="Node2D"]

[node name="Main" parent="." instance=ExtResource( 1 )]
position = Vector2( 69, 172 )

[node name="flying_blue" parent="Main" instance=ExtResource( 4 )]
position = Vector2( 1565.3, 159.991 )

[node name="back" parent="." instance=ExtResource( 5 )]
offset_left = 1884.0
offset_top = 641.0
offset_right = 2176.0
offset_bottom = 720.0

[node name="CanvasLayer" type="CanvasLayer" parent="."]

[node name="Label" type="Label" parent="CanvasLayer"]
anchor_left = 0.289
anchor_top = 0.093
anchor_right = 0.289
anchor_bottom = 0.093
offset_left = -196.936
offset_top = 28.2
offset_right = -73.936
offset_bottom = 178.2
text = "How to play

 move Right
 
 move left

jump

Attack  space bar"
__meta__ = {
"_edit_use_anchors_": false
}

[node name="Sprite3" type="Sprite2D" parent="CanvasLayer"]
position = Vector2( 189, 158 )
rotation = 4.71239
scale = Vector2( 0.0963723, 0.0889913 )

[node name="Sprite2D" type="Sprite2D" parent="CanvasLayer"]
position = Vector2( 156, 198 )
scale = Vector2( 0.0864286, 0.0725833 )

[node name="Sprite2" type="Sprite2D" parent="CanvasLayer"]
position = Vector2( 192, 126 )
rotation = 1.5708
scale = Vector2( 0.0946429, 0.0908333 )

[node name="Sprite4" type="Sprite2D" parent="CanvasLayer"]
position = Vector2( 287, 226 )
rotation = 0.000431299
scale = Vector2( 0.435905, 0.705361 )

[node name="CanvasLayer2" type="CanvasLayer" parent="."]

[node name="Label" type="Label" parent="CanvasLayer2"]
offset_left = 372.0
offset_top = 35.0
offset_right = 634.0
offset_bottom = 117.0
text = "if you touch bomb or Droid. 

you lost Hp. If Hp = 0 ,you lose the game

you should evade bomb and kill driod."
__meta__ = {
"_edit_use_anchors_": false
}

[node name="StaticBody2D" type="StaticBody2D" parent="."]

[node name="CollisionShape2D" type="CollisionShape2D" parent="StaticBody2D"]
position = Vector2( 2234, 453 )
shape = SubResource( 1 )

[node name="CanvasLayer3" type="CanvasLayer" parent="."]

[node name="Label" type="Label" parent="CanvasLayer3"]
offset_left = 739.0
offset_top = 58.0
offset_right = 995.0
offset_bottom = 89.0
text = "If kill all bots, the finish line will appear.
and win the game"
__meta__ = {
"_edit_use_anchors_": false
}

[connection signal="pressed" from="back" to="Main" method="_on_back_pressed"]
